@book{d2003bayesian,
  title={Bayesian reasoning in data analysis: A critical introduction},
  author={D'agostini, Giulio},
  year={2003},
  publisher={World Scientific}
}

@article{objective,
author = {Malay Ghosh},
title = {{Objective Priors: An Introduction for Frequentists}},
volume = {26},
journal = {Statistical Science},
number = {2},
publisher = {Institute of Mathematical Statistics},
pages = {187 -- 202},
keywords = {asymptotic expansion, divergence criterion, first-order probability matching, Jeffreys’ prior, left Haar priors, location family, location–scale family, Multiparameter, orthogonality, reference priors, right Haar priors, scale family, second-order probability matching, shrinkage argument},
year = {2011},
doi = {10.1214/10-STS338},
URL = {https://doi.org/10.1214/10-STS338}
}

@article{carpenter2017stan,
  title={Stan: A probabilistic programming language},
  author={Carpenter, Bob and Gelman, Andrew and Hoffman, Matthew D and Lee, Daniel and Goodrich, Ben and Betancourt, Michael and Brubaker, Marcus A and Guo, Jiqiang and Li, Peter and Riddell, Allen},
  journal={Journal of statistical software},
  volume={76},
  year={2017},
  publisher={NIH Public Access}
}

@article{cousins1995isn,
  title={Why isn’t every physicist a Bayesian?},
  author={Cousins, Robert D},
  journal={American Journal of Physics},
  volume={63},
  number={5},
  pages={398--410},
  year={1995},
  publisher={American Association of Physics Teachers}
}


@article{fink1997compendium,
  title={A compendium of conjugate priors},
  author={Fink, Daniel},
  journal={See http://www. people. cornell. edu/pages/df36/CONJINTRnew\% 20TEX. pdf},
  volume={46},
  year={1997},
  publisher={Citeseer}
}

@article{diaconis1979conjugate,
  title={Conjugate priors for exponential families},
  author={Diaconis, Persi and Ylvisaker, Donald},
  journal={The Annals of statistics},
  pages={269--281},
  year={1979},
  publisher={JSTOR}
}

@article{gelman2020bayesian,
  title={Bayesian workflow},
  author={Gelman, Andrew and Vehtari, Aki and Simpson, Daniel and Margossian, Charles C and Carpenter, Bob and Yao, Yuling and Kennedy, Lauren and Gabry, Jonah and B{\"u}rkner, Paul-Christian and Modr{\'a}k, Martin},
  journal={arXiv preprint arXiv:2011.01808},
  year={2020}
}

@article{jarner2000geometric,
  title={Geometric ergodicity of Metropolis algorithms},
  author={Jarner, S{\o}ren Fiig and Hansen, Ernst},
  journal={Stochastic processes and their applications},
  volume={85},
  number={2},
  pages={341--361},
  year={2000},
  publisher={Elsevier}
}

@article{geyer2011introduction,
  title={Introduction to markov chain monte carlo},
  author={Geyer, Charles J},
  journal={Handbook of markov chain monte carlo},
  volume={20116022},
  pages={45},
  year={2011},
  publisher={Boca Raton}
}


@article{betancourt2017conceptual,
  title={A conceptual introduction to Hamiltonian Monte Carlo},
  author={Betancourt, Michael},
  journal={arXiv preprint arXiv:1701.02434},
  year={2017}
}

@article{betancourt2016diagnosing,
  title={Diagnosing suboptimal cotangent disintegrations in Hamiltonian Monte Carlo},
  author={Betancourt, Michael},
  journal={arXiv preprint arXiv:1604.00695},
  year={2016}
}

@article{vehtari2021rank,
  title={Rank-normalization, folding, and localization: An improved R for assessing convergence of MCMC (with discussion)},
  author={Vehtari, Aki and Gelman, Andrew and Simpson, Daniel and Carpenter, Bob and B{\"u}rkner, Paul-Christian},
  journal={Bayesian analysis},
  volume={16},
  number={2},
  pages={667--718},
  year={2021},
  publisher={International Society for Bayesian Analysis}
}


@article{gabry2019visualization,
  title={Visualization in Bayesian workflow},
  author={Gabry, Jonah and Simpson, Daniel and Vehtari, Aki and Betancourt, Michael and Gelman, Andrew},
  journal={Journal of the Royal Statistical Society Series A: Statistics in Society},
  volume={182},
  number={2},
  pages={389--402},
  year={2019},
  publisher={Oxford University Press}
}

@book{gelman2013bayesian,
  title={Bayesian data analysis},
  author={Gelman, Andrew and Carlin, John B and Stern, Hal S and Dunson, David B and Vehtari, Aki and Rubin, Donald B},
  year={2013},
  publisher={CRC press}
}

@article{chib1995understanding,
  title={Understanding the metropolis-hastings algorithm},
  author={Chib, Siddhartha and Greenberg, Edward},
  journal={The american statistician},
  volume={49},
  number={4},
  pages={327--335},
  year={1995},
  publisher={Taylor \& Francis}
}

@inproceedings{plummer2003jags,
  title={JAGS: A program for analysis of Bayesian graphical models using Gibbs sampling},
  author={Plummer, Martyn and others},
  booktitle={Proceedings of the 3rd international workshop on distributed statistical computing},
  volume={124},
  number={125.10},
  pages={1--10},
  year={2003},
  organization={Vienna, Austria}
}

@article{lunn2000winbugs,
  title={WinBUGS-a Bayesian modelling framework: concepts, structure, and extensibility},
  author={Lunn, David J and Thomas, Andrew and Best, Nicky and Spiegelhalter, David},
  journal={Statistics and computing},
  volume={10},
  pages={325--337},
  year={2000},
  publisher={Springer}
}



@article{ruggeri2005robust,
  title={Robust bayesian analysis},
  author={Ruggeri, Fabrizio and Insua, David R{\'\i}os and Mart{\'\i}n, Jacinto},
  journal={Handbook of statistics},
  volume={25},
  pages={623--667},
  year={2005},
  publisher={Elsevier}
}

@article{talts2018validating,
  title={Validating Bayesian inference algorithms with simulation-based calibration},
  author={Talts, Sean and Betancourt, Michael and Simpson, Daniel and Vehtari, Aki and Gelman, Andrew},
  journal={arXiv preprint arXiv:1804.06788},
  year={2018}
}

@misc{wasserstein2016asa,
  title={The ASA statement on p-values: context, process, and purpose},
  author={Wasserstein, Ronald L and Lazar, Nicole A},
  journal={The American Statistician},
  volume={70},
  number={2},
  pages={129--133},
  year={2016},
  publisher={Taylor \& Francis}
}

@article{kass1995bayes,
  title={Bayes factors},
  author={Kass, Robert E and Raftery, Adrian E},
  journal={Journal of the american statistical association},
  volume={90},
  number={430},
  pages={773--795},
  year={1995},
  publisher={Taylor \& Francis}
}

@article{heck2019caveat,
  title={A caveat on the Savage--Dickey density ratio: The case of computing Bayes factors for regression parameters},
  author={Heck, Daniel W},
  journal={British Journal of Mathematical and Statistical Psychology},
  volume={72},
  number={2},
  pages={316--333},
  year={2019},
  publisher={Wiley Online Library}
}


@article{bridge,
 ISSN = {10170405, 19968507},
 URL = {http://www.jstor.org/stable/24306045},
 author = {Xiao-Li Meng and Wing Hung Wong},
 journal = {Statistica Sinica},
 number = {4},
 pages = {831--860},
 publisher = {Institute of Statistical Science, Academia Sinica},
 title = {SIMULATING RATIOS OF NORMALIZING CONSTANTS VIA A SIMPLE IDENTITY: A THEORETICAL EXPLORATION},
 urldate = {2023-10-11},
 volume = {6},
 year = {1996}
}


@article{wagenmakers2020principle,
  title={The principle of predictive irrelevance or why intervals should not be used for model comparison featuring a point null hypothesis},
  author={Wagenmakers, Eric-Jan and Lee, Michael D and Rouder, Jeffrey N and Morey, Richard D},
  journal={The Theory of Statistics in Psychology: Applications, Use, and Misunderstandings},
  pages={111--129},
  year={2020},
  publisher={Springer}
}

@article{campbell2023twofaces,
  title={Bayes factors and posterior estimation: Two sides of the very same coin},
  author={Campbell, Harlan and Gustafson, Paul},
  journal={The American Statistician},
  volume={77},
  number={3},
  pages={248--258},
  year={2023},
  publisher={Taylor \& Francis}
}

@book{mcelreath2020statistical,
  title={Statistical rethinking: A Bayesian course with examples in R and Stan},
  author={McElreath, Richard},
  year={2020},
  publisher={CRC press}
}


@article{vehtari2017practical,
  title={Practical Bayesian model evaluation using leave-one-out cross-validation and WAIC},
  author={Vehtari, Aki and Gelman, Andrew and Gabry, Jonah},
  journal={Statistics and computing},
  volume={27},
  pages={1413--1432},
  year={2017},
  publisher={Springer}
}

@article{watanabe2013widely,
  title={A widely applicable Bayesian information criterion},
  author={Watanabe, Sumio},
  journal={The Journal of Machine Learning Research},
  volume={14},
  number={1},
  pages={867--897},
  year={2013},
  publisher={JMLR. org}
}

@article{mackay1998introduction,
  title={Introduction to Gaussian processes},
  author={MacKay, David JC and others},
  journal={NATO ASI series F computer and systems sciences},
  volume={168},
  pages={133--166},
  year={1998},
  publisher={Citeseer}
}

