@article{fukuda1998evidence,
  title={Evidence for oscillation of atmospheric neutrinos},
  author={Fukuda, Yoshiyuki and Hayakawa, T and Ichihara, E and Inoue, K and Ishihara, K and Ishino, Hirokazu and Itow, Y and Kajita, T and Kameda, J and Kasuga, S and others},
  journal={Physical review letters},
  volume={81},
  number={8},
  pages={1562},
  year={1998},
  publisher={APS}
}

@article{ahmad2001measurement,
  title={Measurement of the Rate of $\nu$ e+ d→ p+ p+ e- Interactions Produced by B 8 Solar Neutrinos at the Sudbury Neutrino Observatory},
  author={Ahmad, Q Retal and Allen, RC and Andersen, TC and Anglin, JD and B{\"u}hler, G and Barton, JC and Beier, EW and Bercovitch, M and Bigu, J and Biller, S and others},
  journal={Physical review letters},
  volume={87},
  number={7},
  pages={071301},
  year={2001},
  publisher={APS}
}

@article{esteban2020fate,
  title={The fate of hints: updated global analysis of three-flavor neutrino oscillations},
  author={Esteban, Ivan and Gonz{\'a}lez-Garc{\'\i}a, Maria Concepti{\'o}n and Maltoni, Michele and Schwetz, Thomas and Zhou, Albert},
  journal={Journal of High Energy Physics},
  volume={2020},
  number={9},
  pages={1--22},
  year={2020},
  publisher={Springer}
}


@article{katrin2022direct,
  title={Direct neutrino-mass measurement with sub-electronvolt sensitivity},
  journal={Nature Physics},
  volume={18},
  number={2},
  pages={160--166},
  year={2022},
  publisher={Nature Publishing Group UK London}
}

%Project 8
@article{P8esfahani2017determining,
  title={Determining the neutrino mass with cyclotron radiation emission spectroscopy—Project 8},
  author={Esfahani, Ali Ashtari and Asner, David M and B{\"o}ser, Sebastian and Cervantes, Raphael and Claessens, Christine and De Viveiros, Luiz and Doe, Peter J and Doeleman, Shepard and Fernandes, Justin L and Fertl, Martin and others},
  journal={Journal of Physics G: Nuclear and Particle Physics},
  volume={44},
  number={5},
  pages={054004},
  year={2017},
  publisher={IOP Publishing}
}

@article{P8esfahani2023tritium,
  title={Tritium beta spectrum measurement and neutrino mass limit from cyclotron radiation emission spectroscopy},
  author={Esfahani, A Ashtari and B{\"o}ser, S and Buzinsky, N and Carmona-Benitez, MC and Claessens, C and de Viveiros, L and Doe, PJ and Fertl, M and Formaggio, JA and Gaison, JK and others},
  journal={Physical Review Letters},
  volume={131},
  number={10},
  pages={102502},
  year={2023},
  publisher={APS}
}

@article{velte2019high,
  title={High-resolution and low-background\^{} 163 163 Ho spectrum: interpretation of the resonance tails},
  author={Velte, C and Ahrens, F and Barth, A and Blaum, K and Bra{\ss}, M and Door, Menno and Dorrer, H and D{\"u}llmann, Ch E and Eliseev, S and Enss, C and others},
  journal={The European Physical Journal C},
  volume={79},
  pages={1--8},
  year={2019},
  publisher={Springer}
}


@article{MANU,
  title={End-point energy and half-life of the 187 Re $\beta$ decay},
  author={Galeazzi, Massimiliano and Fontanelli, F and Gatti, F and Vitale, S},
  journal={Physical Review C},
  volume={63},
  number={1},
  pages={014302},
  year={2000},
  publisher={APS}
}

@article{MANUlimit,
  title={Microcalorimeter measurements},
  author={Gatti, F},
  journal={Nuclear Physics B-Proceedings Supplements},
  volume={91},
  number={1-3},
  pages={293--296},
  year={2001},
  publisher={Elsevier}
}


@article{MIBETA,
  title={New limits from the Milano neutrino mass experiment with thermal microcalorimeters},
  author={Sisti, M and Arnaboldi, C and Brofferio, C and Ceruti, G and Cremonesi, O and Fiorini, E and Giuliani, A and Margesin, Benno and Martensson, L and Nucciotti, A and others},
  journal={Nuclear Instruments and Methods in Physics Research Section A: Accelerators, Spectrometers, Detectors and Associated Equipment},
  volume={520},
  number={1-3},
  pages={125--131},
  year={2004},
  publisher={Elsevier}
}

@article{koonin1991environmental,
  title={Environmental fine structure in low-energy $\beta$-particle spectra},
  author={Koonin, Steven E},
  journal={Nature},
  volume={354},
  number={6353},
  pages={468--470},
  year={1991},
  publisher={Nature Publishing Group UK London}
}



%ECHo
@article{echofirst,
  title={The electron capture in 163 Ho experiment--ECHo},
  author={Gastaldo, Loredana and Blaum, Klaus and Chrysalidis, K and Day Goodacre, T and Domula, A and Door, Menno and Dorrer, H and D{\"u}llmann, Ch E and Eberhardt, K and Eliseev, Sergey and others},
  journal={The European Physical Journal Special Topics},
  volume={226},
  pages={1623--1694},
  year={2017},
  publisher={Springer}
}it

@phdthesis{velte2020measurement,
  title={Measurement of a high energy resolution and high statistics 163Ho electron capture spectrum for the ECHo experiment},
  author={Velte, Clemens},
  year={2020}
}


%HOLMES
@article{alpert2015holmes,
  title={HOLMES: The electron capture decay of\^{} 163 163 Ho to measure the electron neutrino mass with sub-eV sensitivity},
  author={Alpert, B and Balata, M and Bennett, D and Biasotti, M and Boragno, C and Brofferio, Chiara and Ceriale, V and Corsini, D and Day, Peter Kenneth and De Gerone, M and others},
  journal={The European Physical Journal C},
  volume={75},
  pages={1--11},
  year={2015},
  publisher={Springer}
}


%Ho spectrum


@article{thirdorder,
  title={Determination of the neutrino mass by electron capture in Ho 163 and the role of the three-hole states in Dy 163},
  author={Faessler, Amand and Enss, Christian and Gastaldo, Loredana and {\v{S}}imkovic, F},
  journal={Physical Review C},
  volume={91},
  number={6},
  pages={064302},
  year={2015},
  publisher={APS}
}


@article{brass2018ab,
  title={Ab initio calculation of the calorimetric electron-capture spectrum of ho 163: Intra-atomic decay into bound states},
  author={Bra{\ss}, M and Enss, C and Gastaldo, L and Green, RJ and Haverkort, MW},
  journal={Physical Review C},
  volume={97},
  number={5},
  pages={054620},
  year={2018},
  publisher={APS}
}

%TES
@article{irwin2005TESreview,
  title={Transition-edge sensors},
  author={Irwin, Kent D and Hilton, Gene C},
  journal={Cryogenic particle detection},
  pages={63--150},
  year={2005},
  publisher={Springer}
}

@inproceedings{zhou2020towards,
  title={Towards understanding the temperature and current sensitivities of transition-edge sensors},
  author={Zhou, Yu},
  booktitle={Journal of Physics: Conference Series},
  volume={1590},
  number={1},
  pages={012032},
  year={2020},
  organization={IOP Publishing}
}


@article{PSL,
  title={Phase-slip lines as a resistance mechanism in transition-edge sensors},
  author={Bennett, Douglas A and Schmidt, Daniel R and Swetz, Daniel S and Ullom, Joel N},
  journal={Applied Physics Letters},
  volume={104},
  number={4},
  year={2014},
  publisher={AIP Publishing}
}

@article{PSLcenters,
  title={Phase-slip centers and nonequilibrium processes in superconducting tin microbridges},
  author={Skocpol, WJ and Beasley, MR and Tinkham, M},
  journal={Journal of Low Temperature Physics},
  volume={16},
  number={1-2},
  pages={145--167},
  year={1974},
  publisher={Springer}
}

@phdthesis{borghesi2022toward,
  title={Toward the first neutrino mass measurement of Holmes},
  author={Borghesi, Matteo and others},
  year={2022},
  publisher={Universit{\`a} degli Studi di Milano-Bicocca}
}


%Multiplexing
@article{muMUX,
  title={Simultaneous readout of 128 X-ray and gamma-ray transition-edge microcalorimeters using microwave SQUID multiplexing},
  author={Mates, JAB and Becker, Daniel T and Bennett, Douglas A and Dober, BJ and Gard, JD and Hays-Wehle, JP and Fowler, JW and Hilton, GC and Reintsema, CD and Schmidt, DR and others},
  journal={Applied Physics Letters},
  volume={111},
  number={6},
  year={2017},
  publisher={AIP Publishing}
}

@article{mates2012flux,
  title={Flux-ramp modulation for squid multiplexing},
  author={Mates, John AB and Irwin, KD and Vale, LR and Hilton, GC and Gao, J and Lehnert, KW},
  journal={Journal of Low Temperature Physics},
  volume={167},
  pages={707--712},
  year={2012},
  publisher={Springer}
}

%implanter
@inproceedings{Hoimplant,
  title={Status of the HOLMES experiment: commissioning of the ion implanter.},
  author={Galluccia, Giovanni and Bevilacquaa, A and Biasottiab, M and Borghesicd, M and Cerboni, N and Cerutid, G and De Galemberte, G De Bodin and De Geronea, M and Faverzanicd, M and Fedkevychb, M and others},
  booktitle={22nd International Workshop on Neutrinos from Accelerators},
  pages={161},
  year={2022}
}
