@article{schmid2014new,
  title={A new asymmetric Pseudo-Voigt function for more efficient fitting of XPS lines},
  author={Schmid, Martin and Steinr{\"u}ck, Hans-Peter and Gottfried, J Michael},
  journal={Surface and Interface Analysis},
  volume={46},
  number={8},
  pages={505--511},
  year={2014},
  publisher={Wiley Online Library}
}

@article{eliseev2015direct,
  title={Direct measurement of the mass difference of Ho 163 and Dy 163 solves the Q-value puzzle for the neutrino mass determination},
  author={Chenmarev, S and D{\"u}llmann, Ch E and Enss, C and Filianin, PE and Gastaldo, L and others},
  journal={Physical review letters},
  volume={115},
  number={6},
  pages={062501},
  year={2015},
  publisher={APS}
}


@article{zhou2010note,
  title={A note on Bayesian inference after multiple imputation},
  author={Zhou, Xiang and Reiter, Jerome P},
  journal={The American Statistician},
  volume={64},
  number={2},
  pages={159--163},
  year={2010},
  publisher={Taylor \& Francis}
}

